<record xmlns="http://www.loc.gov/MARC21/slim">
   <leader>01467cam a2200313 a 4500</leader>
   <controlfield tag="001">1359618</controlfield>
   <controlfield tag="008">910227m19851989xxc               0 eng c</controlfield>
   <datafield ind1=" " ind2=" " tag="035">
      <subfield code="a">ocm70344031</subfield>
   </datafield>
   <datafield ind1=" " ind2=" " tag="040">
      <subfield code="b">eng</subfield>
   </datafield>
   <datafield ind1=" " ind2=" " tag="043">
      <subfield code="a">e-ure--</subfield>
   </datafield>
   <datafield ind1=" " ind2=" " tag="049">
      <subfield code="a">AEU</subfield>
      <subfield code="b">eng</subfield>
   </datafield>
   <datafield ind1=" " ind2="3" tag="055">
      <subfield code="a">SH 382</subfield>
   </datafield>
   <datafield ind1=" " ind2=" " tag="080">
      <subfield code="a">639.245.1:(*50) WHA</subfield>
   </datafield>
   <datafield ind1=" " ind2=" " tag="090">
      <subfield code="a">SH 382 W552</subfield>
      <subfield code="b">AEU</subfield>
   </datafield>
   <datafield ind1="0" ind2="0" tag="245">
      <subfield code="a">Whaling of gray whales (eschrichtius gibbobus) and its significance in the life of the aboriginal population on the Chukotka Peninsula /</subfield>
      <subfield code="c">editor, A.G. Vol'phson ... [et al.].</subfield>
   </datafield>
   <datafield ind1=" " ind2=" " tag="260">
      <subfield code="a">[S.l. :</subfield>
      <subfield code="b">s.n.,</subfield>
      <subfield code="c">198-?]</subfield>
   </datafield>
   <datafield ind1=" " ind2=" " tag="300">
      <subfield code="a">235 p. :</subfield>
      <subfield code="b">ill. ;</subfield>
      <subfield code="c">30 cm.</subfield>
   </datafield>
   <datafield ind1=" " ind2=" " tag="336">
      <subfield code="a">text</subfield>
      <subfield code="b">txt</subfield>
      <subfield code="2">rdacontent</subfield>
   </datafield>
   <datafield ind1=" " ind2=" " tag="337">
      <subfield code="a">unmediated</subfield>
      <subfield code="b">n</subfield>
      <subfield code="2">rdamedia</subfield>
   </datafield>
   <datafield ind1=" " ind2=" " tag="338">
      <subfield code="a">volume</subfield>
      <subfield code="b">nc</subfield>
      <subfield code="2">rdacarrier</subfield>
   </datafield>
   <datafield ind1=" " ind2=" " tag="520">
      <subfield code="a">This description of whaling for grey whales in the Chukchi National OKrug, Siberia, by Eskimos, also includes a survey of the economy of the region and an analysis of the nutritional value of whale meat and other country foods.</subfield>
   </datafield>
   <datafield ind1=" " ind2=" " tag="596">
      <subfield code="a">48</subfield>
   </datafield>
   <datafield ind1=" " ind2="0" tag="650">
      <subfield code="a">Whaling</subfield>
      <subfield code="z">Russia (Federation)</subfield>
      <subfield code="z">Chukchi A.S.S. R.</subfield>
   </datafield>
   <datafield ind1=" " ind2="5" tag="650">
      <subfield code="a">Eskimos</subfield>
      <subfield code="z">Russia (Federation)</subfield>
      <subfield code="z">Chukchi A.S.S.R.</subfield>
   </datafield>
   <datafield ind1=" " ind2="0" tag="650">
      <subfield code="a">Yuit Eskimos</subfield>
      <subfield code="z">Russia (Federation)</subfield>
      <subfield code="z">Chukchi A.S.S. R.</subfield>
      <subfield code="x">Food.</subfield>
   </datafield>
   <datafield ind1=" " ind2="0" tag="650">
      <subfield code="a">Yuit Eskimos</subfield>
      <subfield code="z">Russia (Federation)</subfield>
      <subfield code="z">Chukchi A.S.S. R.</subfield>
      <subfield code="x">Hunting.</subfield>
   </datafield>
   <datafield ind1=" " ind2="0" tag="650">
      <subfield code="a">Yuit Eskimos</subfield>
      <subfield code="z">Russia (Federation)</subfield>
      <subfield code="z">Chukchi A.S.S. R.</subfield>
      <subfield code="x">Economic conditions.</subfield>
   </datafield>
   <datafield ind1="1" ind2=" " tag="700">
      <subfield code="a">Vol'phson, A. G.</subfield>
   </datafield>
   <datafield ind1=" " ind2=" " tag="926">
      <subfield code="a">SH 382 W552</subfield>
      <subfield code="w">LC</subfield>
      <subfield code="c">1</subfield>
      <subfield code="i">000035779990</subfield>
      <subfield code="d">2/7/2010</subfield>
      <subfield code="e">1/28/2010</subfield>
      <subfield code="l">POLAR</subfield>
      <subfield code="m">UASCITECH</subfield>
      <subfield code="n">6</subfield>
      <subfield code="p">$150.00</subfield>
      <subfield code="r">Y</subfield>
      <subfield code="s">Y</subfield>
      <subfield code="t">BOOK</subfield>
      <subfield code="u">3/4/1991</subfield>
   </datafield>
</record>
